@online{sigma,
    author = {Simon Marlow},
    title = {Fighting spam with Haskell},
    year = 2015,
    url = {https://web.archive.org/web/20180117194306/https://code.facebook.com/posts/745068642270222/fighting-spam-with-haskell/},
    urldate = {2017-01-10}
}

@book{inteligencija,
    title = {Poslovna inteligencija kroz poslovne slučajeve},
    author = {Goran Klepac, Leo Mršić},
    isbn = 9539547210,
    year = 2006,
    publisher = {Lider press d.d.}
}

@book{banana,
    title = {Coders at Work: Reflections on the Craft of Programming},
    author = {Peter Seibel},
    isbn = 1430219483,
    year = 2009,
    publisher = {Apress}
}